<record><leader>00000cas a2200000 a 4500</leader><controlfield tag="001">12878151</controlfield><controlfield tag="008">851206d1862186uvauwr ne      0    0eng c</controlfield><datafield ind1=" " ind2=" " tag="010"><subfield code="a">sn 85034451 </subfield></datafield><datafield ind1=" " ind2=" " tag="040"><subfield code="a">NPU</subfield><subfield code="b">eng</subfield><subfield code="c">NPU</subfield><subfield code="d">PPM</subfield><subfield code="d">YOX</subfield><subfield code="d">MFN</subfield><subfield code="d">NYS</subfield><subfield code="d">CNW</subfield><subfield code="d">CNK</subfield><subfield code="d">NVK</subfield><subfield code="d">NVF</subfield><subfield code="d">OCL</subfield><subfield code="d">NVF</subfield><subfield code="d">OCLCQ</subfield><subfield code="d">OCLCF</subfield><subfield code="d">OCLCO</subfield></datafield><datafield ind1="1" ind2=" " tag="029"><subfield code="a">AU@</subfield><subfield code="b">000004812274</subfield></datafield><datafield ind1=" " ind2=" " tag="042"><subfield code="a">pcc</subfield></datafield><datafield ind1=" " ind2=" " tag="043"><subfield code="a">n-us-va</subfield></datafield><datafield ind1="0" ind2=" " tag="130"><subfield code="a">Weekly Richmond enquirer (Richmond, Va. : 1862)</subfield></datafield><datafield ind1="1" ind2="4" tag="245"><subfield code="a">The Weekly Richmond enquirer.</subfield></datafield><datafield ind1="1" ind2="3" tag="246"><subfield code="a">Richmond enquirer</subfield></datafield><datafield ind1="1" ind2="7" tag="246"><subfield code="a">Weekly enquirer</subfield></datafield><datafield ind1=" " ind2=" " tag="260"><subfield code="a">Richmond, Va. :</subfield><subfield code="b">Tyler, Wise &amp; Allegre</subfield></datafield><datafield ind1=" " ind2=" " tag="300"><subfield code="a">v.</subfield></datafield><datafield ind1=" " ind2=" " tag="310"><subfield code="a">Weekly</subfield></datafield><datafield ind1="1" ind2=" " tag="362"><subfield code="a">Began in 1862.</subfield></datafield><datafield ind1=" " ind2=" " tag="580"><subfield code="a">Daily ed.: Daily Richmond enquirer (Richmond, Va. : 1844), 1862-&lt;1865&gt;.</subfield></datafield><datafield ind1=" " ind2=" " tag="580"><subfield code="a">Semiweekly ed.: Richmond enquirer (Richmond, Va. : 1815 : Semiweekly), 1862-&lt;1865&gt;.</subfield></datafield><datafield ind1=" " ind2=" " tag="588"><subfield code="a">Description based on: Vol. 8, no. 7 (May 21, 1862).</subfield></datafield><datafield ind1=" " ind2="0" tag="651"><subfield code="a">Richmond (Va.)</subfield><subfield code="v">Newspapers.</subfield></datafield><datafield ind1=" " ind2="7" tag="655"><subfield code="a">Newspapers.</subfield><subfield code="2">fast</subfield><subfield code="0">(OCoLC)fst01423814</subfield></datafield><datafield ind1=" " ind2="7" tag="651"><subfield code="a">Virginia</subfield><subfield code="z">Richmond.</subfield><subfield code="2">fast</subfield><subfield code="0">(OCoLC)fst01205345</subfield></datafield><datafield ind1=" " ind2=" " tag="752"><subfield code="a">United States</subfield><subfield code="b">Virginia</subfield><subfield code="d">Richmond.</subfield></datafield><datafield ind1="1" ind2=" " tag="775"><subfield code="t">Daily Richmond enquirer (Richmond, Va. : 1844)</subfield><subfield code="w">(DLC)sn 84024729</subfield><subfield code="w">(OCoLC)11063879</subfield></datafield><datafield ind1="1" ind2=" " tag="775"><subfield code="t">Richmond enquirer (Richmond, Va. : 1815 : Semiweekly)</subfield><subfield code="w">(DLC)sn 84024735</subfield><subfield code="w">(OCoLC)1764332</subfield></datafield><datafield ind1="0" ind2="0" tag="780"><subfield code="t">Richmond weekly enquirer (Richmond, Va. : 1860)</subfield><subfield code="w">(DLC)sn 85034450</subfield><subfield code="w">(OCoLC)12878132</subfield></datafield><datafield ind1="0" ind2="5" tag="780"><subfield code="t">Sentinel (Richmond, Va. : Weekly)</subfield><subfield code="w">(DLC)sn 88061224</subfield></datafield><datafield ind1="0" ind2="0" tag="785"><subfield code="t">Richmond enquirer (Richmond, Va. : Weekly)</subfield><subfield code="w">(DLC)sn 85026577</subfield></datafield></record>